<?xml version="1.0" encoding="UTF-8"?>
<Document xmlns="urn:iso:std:iso:20022:tech:xsd:pacs.008.001.08">
    <FIToFICstmrCdtTrf>
        <GrpHdr>
            <MsgId>MSG-2024-001</MsgId>
            <CreDtTm>2024-01-15T10:30:00Z</CreDtTm>
            <NbOfTxs>1</NbOfTxs>
            <CtrlSum>100000.00</CtrlSum>
        </GrpHdr>
        <CdtTrfTxInf>
            <PmtId>
                <InstrId>INST-001</InstrId>
                <EndToEndId>E2E-001</EndToEndId>
            </PmtId>
            <Amt>
                <InstdAmt Ccy="EUR">100000.00</InstdAmt>
            </Amt>
            <Cdtr>
                <Nm>Global Trading Ltd</Nm>
            </Cdtr>
        </CdtTrfTxInf>
    </FIToFICstmrCdtTrf>
</Document>