<?xml version='1.0' encoding='utf-8'?>
<Document xmlns="urn:iso:std:iso:20022:tech:xsd:pacs.008.001.14">
  <FIToFICstmrCdtTrf>
    <GrpHdr>
      <MsgId>MSG-pacs008-20260521-001</MsgId>
      <CreDtTm>2026-05-21T04:41:02.958</CreDtTm>
      <TtlIntrBkSttlmAmt Ccy="EUR">150000.00</TtlIntrBkSttlmAmt>
      <IntrBkSttlmDt>2026-05-21</IntrBkSttlmDt>
      <InstgAgt><FinInstnId><BICFI>BANKGB2LXXX</BICFI></FinInstnId></InstgAgt>
      <InstdAgt><FinInstnId><BICFI>BANKFRPPXXX</BICFI></FinInstnId></InstdAgt>
    </GrpHdr>
    <CdtTrfTxInf>
      <PmtId><InstrId>INSTR-20260521-001</InstrId><EndToEndId>E2E-ABC-123456789</EndToEndId></PmtId>
      <IntrBkSttlmAmt Ccy="EUR">150000.00</IntrBkSttlmAmt>
      <IntrBkSttlmDt>2026-05-21</IntrBkSttlmDt>
      <ChrgBr>SHAR</ChrgBr>
      <Dbtr><Nm>Debtor Company PLC</Nm><PstlAdr><AdrLine>123 Business Street</AdrLine></PstlAdr></Dbtr>
      <DbtrAcct><Id><IBAN>GB82WEST12345698765432</IBAN></Id></DbtrAcct>
      <DbtrAgt><FinInstnId><BICFI>BANKGB2L</BICFI></FinInstnId></DbtrAgt>
      <CdtrAgt><FinInstnId><BICFI>BANKFRPP</BICFI></FinInstnId></CdtrAgt>
      <Cdtr><Nm>Creditor Enterprise SA</Nm><PstlAdr><AdrLine>123 Business Street</AdrLine></PstlAdr></Cdtr>
      <CdtrAcct><Id><IBAN>FR1420041010050500013M02606</IBAN></Id></CdtrAcct>
      <RmtInf><Ustrd>Payment for goods and services</Ustrd></RmtInf>
    </CdtTrfTxInf>
  </FIToFICstmrCdtTrf>
</Document>